@article{lin1992self,
  title={{Self-improving reactive agents based on reinforcement learning, planning and teaching}},
  author={Lin, L.J.},
  journal={Machine learning},
  volume={8},
  number={3},
  pages={293--321},
  issn={0885-6125},
  year={1992},
  publisher={Springer}
}

@article{maclin1996creating,
  title={{Creating advice-taking reinforcement learners}},
  author={Maclin, R. and Shavlik, J.W.},
  journal={Recent Advances in Reinforcement Learning},
  pages={251--281},
  year={1996},
  publisher={Springer}
}

@article{moore1993prioritized,
  title={{Prioritized sweeping: Reinforcement learning with less data and less time}},
  author={Moore, A.W. and Atkeson, C.G.},
  journal={Machine Learning},
  volume={13},
  number={1},
  pages={103--130},
  issn={0885-6125},
  year={1993},
  publisher={Springer}
}

@article{printista2002parallel,
  title={{A parallel implementation of Q-Learning based on communication with cache}},
  author={Printista, A.M. and Errecalde, M.L. and Montoya, C.I.},
  journal={Journal of Computer Science \& Technology},
  volume={6},
  year={2002},
  publisher={Citeseer}
}
@book{sutton1998reinforcement,
  title={{Reinforcement learning}},
  author={Sutton, R.S. and Barto, A.G.},
  year={1998},
  publisher={MIT Press}
}

@article{watkins1992q,
  title={{Q-learning}},
  author={Watkins, C.J.C.H. and Dayan, P.},
  journal={Machine learning},
  volume={8},
  number={3},
  pages={279--292},
  year={1992},
  publisher={Springer}
}
@article{hart1972correction,
  title={{Correction to a formal basis for the heuristic determination of minimum cost paths}},
  author={Hart, P.E. and Nilsson, N.J. and Raphael, B.},
  journal={ACM SIGART Bulletin},
  number={37},
  pages={29},
  year={1972},
  publisher={ACM}
}
@book{latombe1990robot,
  title={{Robot motion planning}},
  author={Latombe, J.C.},
  year={1990},
  publisher={Springer Verlag}
}

@article{takahashi1989motion,
  title={{Motion planning in a plane using generalized Voronoi diagrams}},
  author={Takahashi, O. and Schilling, RJ},
  journal={IEEE Transactions on Robotics and Automation},
  volume={5},
  number={2},
  pages={143--150},
  year={1989}
}
@article{kaelbling1996reinforcement,
  title={{Reinforcement learning: A survey}},
  author={Kaelbling, L.P. and Littman, M.L. and Moore, A.W.},
  journal={Journal of artificial intelligence research},
  volume={4},
  number={237-285},
  pages={102--138},
  year={1996},
  publisher={Citeseer}
}
@article{enoiumarinescu2010,
  title={{Motion System for a MSL Robocup Robot with Omni-directional Wheels}},
  author={Eduard Paul Enoiu, Raluca Marinescu},
  year={2010},
  journal={Robotics Project Documentation}
}
@article{mitchell1997machine,
  title={{Machine learning. WCB}},
  author={Mitchell, T.M.},
  journal={Mac Graw Hill},
  pages={368},
  year={1997}
}

@proceedings{DBLP:conf/robocup/1997,
  editor    = {Hiroaki Kitano},
  title     = {RoboCup-97: Robot Soccer World Cup I},
  booktitle = {RoboCup},
  publisher = {Springer},
  series    = {Lecture Notes in Computer Science},
  volume    = {1395},
  year      = {1998},
  isbn      = {3-540-64473-3},
  bibsource = {DBLP, http://dblp.uni-trier.de}
}
@article{thrun1998learning,
  title={{Learning metric-topological maps for indoor mobile robot navigation* 1}},
  author={Thrun, S.},
  journal={Artificial Intelligence},
  volume={99},
  number={1},
  pages={21--71},
  year={1998},
  publisher={Elsevier}
}

@conference{lidholm2008two,
  title={{Two camera system for robot applications; navigation}},
  author={Lidholm, J. and Ekstrand, F. and Asplund, L.},
  booktitle={Emerging Technologies and Factory Automation, 2008. ETFA 2008. IEEE International Conference on},
  pages={345--352},
  year={2008},
  organization={IEEE}
}

@conference{su2004reinforcement,
  title={{A reinforcement-learning approach to robot navigation}},
  author={Su, M.C. and Huang, D.Y. and Chou, C.H. and Hsieh, C.C.},
  booktitle={Networking, Sensing and Control, 2004 IEEE International Conference on},
  volume={1},
  pages={665--669},
  year={2004},
  organization={IEEE}
}

@article{salichs2000navigation,
  title={{Navigation of mobile robots: open questions}},
  author={Salichs, MA and Moreno, L.},
  journal={Robotica},
  volume={18},
  number={3},
  pages={227--234},
  year={2000},
  publisher={Cambridge University Press}
}
@conference{gavrilov2007architecture,
  title={{An Architecture of Hybrid Neural Network based Navigation System for Mobile Robot}},
  author={Gavrilov, A.V. and Lee, S.},
  booktitle={Intelligent Systems Design and Applications, 2007. ISDA 2007. Seventh International Conference on},
  pages={587--590},
  year={2007},
  organization={IEEE}
}
@book{leonard1992directed,
  title={{Directed sonar sensing for mobile robot navigation}},
  author={Leonard, J.J. and Durrant-Whyte, H.F.},
  year={1992},
  publisher={Springer}
}
@article{elfes1987sonar,
  title={{Sonar-based real-world mapping and navigation}},
  author={Elfes, A.},
  journal={IEEE Journal of robotics and automation},
  volume={3},
  number={3},
  pages={249--265},
  year={1987}
}
@conference{mataric1992behavior,
  title={{Behavior-based control: Main properties and implications}},
  author={Mataric, M.J.},
  booktitle={Proceedings of the IEEE International Conference on Robotics and Automation, Workshop on Architectures for Intelligent Control Systems},
  pages={46--54},
  year={1992},
  organization={Citeseer}
}
@conference{zhu2004fuzzy,
  title={{A fuzzy logic approach to reactive navigation of behavior-based mobile robots}},
  author={Zhu, A. and Yang, S.X.},
  booktitle={Robotics and Automation, 2004. Proceedings. ICRA'04. 2004 IEEE International Conference on},
  volume={5},
  pages={5045--5050},
  year={2004},
  organization={IEEE}
}
@conference{cohen2006reinforcement,
  title={{Reinforcement Learning with Hierarchical Decision-Making}},
  author={Cohen, S. and Maimon, O. and Khmlenitsky, E.},
  booktitle={Intelligent Systems Design and Applications, 2006. ISDA'06. Sixth International Conference on},
  volume={3},
  pages={177--182},
  year={2006},
  organization={IEEE}
}
@article{asplund-team,
  title={{Team description-Aros}},
   year={2005},
  author={Asplund, L.},
  journal={Qualification material for Robocup 2006 in Bremen, Germany}
}

@book{burns2007concurrent,
  title={{Concurrent and Real-Time Programming in Ada, edition}},
  author={Burns, A. and Wellings, A.},
  year={2007},
  publisher={Cambridge University Press New York, NY, USA}
}
@book{taft2006ada,
  title={{Ada 2005 reference manual: language and standard libraries: international standard ISO/IEC 8652/1995 (E) with technical corrigendum 1 and amendment 1}},
  author={Taft, S.T.},
  year={2006},
  publisher={Springer Verlag}
}
@conference{whitehead1991complexity,
  title={{A complexity analysis of cooperative mechanisms in reinforcement learning}},
  author={Whitehead, S.D.},
  booktitle={Proc. AAAI},
  volume={91},
  pages={607--613},
  year={1991}
}
@article{enoiusoccer,
  title={{Soccer Robot Navigation in Grid Environments Based on Reinforcement Learning Algorithms}},
  author={Enoiu, E. Paul. and Marinescu, R.},
  journal={IDT Mini-conference on Interesting Results in Computer Science and Engineering},
  year={2010}
}
