@article{crook2009pencil,
  title={{A pencil-and-paper algorithm for solving Sudoku puzzles}},
  author={Crook, JF},
  journal={Notices of the AMS},
  volume={56},
  number={4},
  pages={460--468},
  year={2009}
}

@article{crook2009pencil,
  title={{Solving Sudoku with MATLAB}},
  author={Cleve Moler},
  journal={TheMathWorks News&Notes},
  year={2009}
}

@article{aaronson2006sudoku,
  title={{Sudoku science}},
  author={Aaronson, L.},
  journal={IEEE Spectrum},
  volume={43},
  number={2},
  pages={16--17},
  year={2006}
}

@article{jones2008construction,
  title={{Construction of heuristics for a search-based approach to solving Sudoku}},
  author={Jones, SK and Roach, PA and Perkins, S.},
  journal={Research and Development in Intelligent Systems XXIV},
  pages={37--49},
  year={2008},
  publisher={Springer}
}

@conference{mantere2007solving,
  title={{Solving, rating and generating Sudoku puzzles with GA}},
  author={Mantere, T. and Koljonen, J.},
  booktitle={Evolutionary Computation, 2007. CEC 2007. IEEE Congress on},
  pages={1382--1389},
  organization={Ieee}
}

@article{geem2008harmony,
  title={{Harmony search applications in industry}},
  author={Geem, Z.},
  journal={Soft Computing Applications in Industry},
  pages={117--134},
  year={2008},
  publisher={Springer}
}

@article{green2009survey,
  title={{Survey of the Applications of Artificial Intelligence Techniques to the Sudoku Puzzle}},
  author={Green II, R.C.},
  year={2009}
}

@article{santos2007solving,
  title={{Solving Sudoku puzzles with rewriting rules}},
  author={Santos-Garcia, G. and Palomino, M.},
  journal={Electronic Notes in Theoretical Computer Science},
  volume={176},
  number={4},
  pages={79--93},
  issn={1571-0661},
  year={2007},
  publisher={Elsevier}
}

@article{yue2006sudoku,
  title={{Sudoku Solver by Qâ€™tron Neural Networks}},
  author={Yue, T.W. and Lee, Z.C.},
  journal={Intelligent Computing},
  pages={943--952},
  year={2006},
  publisher={Springer}
}

@article{norvigsolving,
  title={{Solving every sudoku puzzle}},
  author={Norvig, P.},
  journal={Preprint}
}

@article{bartlett2006integer,
  title={{An integer programming model for the Sudoku problem}},
  author={Bartlett, A.C. and Langville, A.N.},
  journal={Preprint, available at http://www. cofc. edu/\~{} langvillea/Sudoku/sudoku2. pdf},
  year={2006}
}